<record><leader>00000cas a22000007a 4500</leader><controlfield tag="001">17513270</controlfield><controlfield tag="008">880222d19871989nmuwr ne      0   a0eng d</controlfield><datafield ind1=" " ind2=" " tag="010"><subfield code="a">sn 88000316 </subfield></datafield><datafield ind1=" " ind2=" " tag="040"><subfield code="a">NSD</subfield><subfield code="b">eng</subfield><subfield code="c">NSD</subfield><subfield code="d">NVM</subfield><subfield code="d">OCLCQ</subfield><subfield code="d">OCLCF</subfield><subfield code="d">OCLCO</subfield></datafield><datafield ind1=" " ind2=" " tag="012"><subfield code="m">d</subfield></datafield><datafield ind1="1" ind2=" " tag="022"><subfield code="a">0897-4799</subfield><subfield code="l">0897-4799</subfield><subfield code="2">1</subfield></datafield><datafield ind1="1" ind2=" " tag="029"><subfield code="a">AU@</subfield><subfield code="b">000025794234</subfield></datafield><datafield ind1=" " ind2=" " tag="037"><subfield code="b">Rio Rancho Observer, 1117 Rio Rancho Blvd., P.O. Box 15878, Rio Rancho, N.M. 87174-0878</subfield></datafield><datafield ind1=" " ind2=" " tag="042"><subfield code="a">nsdp</subfield><subfield code="a">msc</subfield></datafield><datafield ind1=" " ind2=" " tag="043"><subfield code="a">n-us-nm</subfield></datafield><datafield ind1=" " ind2="4" tag="222"><subfield code="a">The Rio Rancho observer</subfield></datafield><datafield ind1="0" ind2="4" tag="245"><subfield code="a">The Rio Rancho observer.</subfield></datafield><datafield ind1=" " ind2=" " tag="260"><subfield code="a">Rio Rancho, N.M. :</subfield><subfield code="b">Wick New Mexico</subfield></datafield><datafield ind1=" " ind2=" " tag="300"><subfield code="a">v.</subfield></datafield><datafield ind1=" " ind2=" " tag="310"><subfield code="a">Weekly</subfield></datafield><datafield ind1="0" ind2=" " tag="362"><subfield code="a">Vol. 15, no. 20 (Apr. 22, 1987)-v. 18, no. 14 (Mar. 1, 1989).</subfield></datafield><datafield ind1=" " ind2=" " tag="530"><subfield code="a">Also on microfilm: El Paso, Tex. : Southwest Micropublishing, Inc.</subfield></datafield><datafield ind1=" " ind2="0" tag="651"><subfield code="a">Rio Rancho (N.M.)</subfield><subfield code="v">Newspapers.</subfield></datafield><datafield ind1=" " ind2="0" tag="651"><subfield code="a">Sandoval County (N.M.)</subfield><subfield code="v">Newspapers.</subfield></datafield><datafield ind1=" " ind2="0" tag="651"><subfield code="a">Bernalillo County (N.M.)</subfield><subfield code="v">Newspapers.</subfield></datafield><datafield ind1=" " ind2="7" tag="655"><subfield code="a">Newspapers.</subfield><subfield code="2">fast</subfield><subfield code="0">(OCoLC)fst01423814</subfield></datafield><datafield ind1=" " ind2="7" tag="651"><subfield code="a">New Mexico</subfield><subfield code="z">Bernalillo County.</subfield><subfield code="2">fast</subfield><subfield code="0">(OCoLC)fst01218455</subfield></datafield><datafield ind1=" " ind2="7" tag="651"><subfield code="a">New Mexico</subfield><subfield code="z">Rio Rancho.</subfield><subfield code="2">fast</subfield><subfield code="0">(OCoLC)fst01231166</subfield></datafield><datafield ind1=" " ind2="7" tag="651"><subfield code="a">New Mexico</subfield><subfield code="z">Sandoval County.</subfield><subfield code="2">fast</subfield><subfield code="0">(OCoLC)fst01216711</subfield></datafield><datafield ind1=" " ind2=" " tag="752"><subfield code="a">United States</subfield><subfield code="b">New Mexico</subfield><subfield code="c">Sandoval</subfield><subfield code="d">Rio Rancho.</subfield></datafield><datafield ind1="0" ind2="0" tag="780"><subfield code="t">Observer (Corrales, N.M.)</subfield><subfield code="w">(DLC)sn 93061625</subfield></datafield><datafield ind1="0" ind2="0" tag="785"><subfield code="t">Observer (Rio Rancho, N.M.)</subfield><subfield code="x">1049-7374</subfield><subfield code="w">(DLC)sn 90003007</subfield></datafield></record>